<record><leader>00000cas a2200000 a 4500</leader><controlfield tag="001">47929806</controlfield><controlfield tag="008">010908c19999999iluwr ne      0   a0eng c</controlfield><datafield ind1=" " ind2=" " tag="010"><subfield code="a">sn2001063227</subfield></datafield><datafield ind1=" " ind2=" " tag="040"><subfield code="a">NVF</subfield><subfield code="b">eng</subfield><subfield code="c">NVF</subfield><subfield code="d">OCLCQ</subfield><subfield code="d">OCLCF</subfield><subfield code="d">OCLCO</subfield><subfield code="d">NVF</subfield></datafield><datafield ind1=" " ind2=" " tag="042"><subfield code="a">pcc</subfield></datafield><datafield ind1=" " ind2=" " tag="043"><subfield code="a">n-us-il</subfield></datafield><datafield ind1="0" ind2=" " tag="130"><subfield code="a">Paper (Dwight, Ill.)</subfield></datafield><datafield ind1="1" ind2="4" tag="245"><subfield code="a">The paper.</subfield></datafield><datafield ind1=" " ind2=" " tag="260"><subfield code="a">Dwight, IL [Ill.] :</subfield><subfield code="b">Mark &amp; Mary Boma,</subfield><subfield code="c">1999-</subfield></datafield><datafield ind1=" " ind2=" " tag="300"><subfield code="a">v.</subfield></datafield><datafield ind1=" " ind2=" " tag="310"><subfield code="a">Weekly</subfield></datafield><datafield ind1="0" ind2=" " tag="362"><subfield code="a">Vol. 1, no. 1 (Feb. 15, 1999)-</subfield></datafield><datafield ind1=" " ind2=" " tag="515"><subfield code="a">Issue for Jan. 7, 2002 erroneously designated as Jan. 7, 2001.</subfield></datafield><datafield ind1=" " ind2=" " tag="515"><subfield code="a">Issue for v. 4, no. 4 (Jan. 28, 2002) erroneously designated as v. 4, no. 3.</subfield></datafield><datafield ind1=" " ind2=" " tag="588"><subfield code="a">Latest issue consulted: Vol. 4, no. 46 (Nov. 18, 2002).</subfield></datafield><datafield ind1=" " ind2="0" tag="651"><subfield code="a">Dwight (Ill.)</subfield><subfield code="v">Newspapers.</subfield></datafield><datafield ind1=" " ind2="7" tag="651"><subfield code="a">Illinois</subfield><subfield code="z">Dwight.</subfield><subfield code="2">fast</subfield><subfield code="0">(OCoLC)fst01238110</subfield></datafield><datafield ind1=" " ind2="7" tag="655"><subfield code="a">Newspapers.</subfield><subfield code="2">fast</subfield><subfield code="0">(OCoLC)fst01423814</subfield></datafield><datafield ind1=" " ind2=" " tag="752"><subfield code="a">United States</subfield><subfield code="b">Illinois</subfield><subfield code="c">Livingston County</subfield><subfield code="d">Dwight.</subfield></datafield><datafield ind1="1" ind2=" " tag="029"><subfield code="a">AU@</subfield><subfield code="b">000024293181</subfield></datafield></record>